<record><leader>00000cas a2200000 a 4500</leader><controlfield tag="001">11686137</controlfield><controlfield tag="008">850212d18931955ksuwr ne      0   a0eng d</controlfield><datafield ind1=" " ind2=" " tag="010"><subfield code="a">sn 85029045 </subfield></datafield><datafield ind1=" " ind2=" " tag="040"><subfield code="a">KSH</subfield><subfield code="b">eng</subfield><subfield code="c">KSH</subfield><subfield code="d">NPT</subfield><subfield code="d">OCL</subfield><subfield code="d">OCLCQ</subfield></datafield><datafield ind1=" " ind2=" " tag="042"><subfield code="a">msc</subfield></datafield><datafield ind1="0" ind2="4" tag="245"><subfield code="a">The Soldier clipper.</subfield></datafield><datafield ind1="1" ind2="3" tag="246"><subfield code="a">Soldier City clipper</subfield><subfield code="f">Jan. 3, 1906</subfield></datafield><datafield ind1=" " ind2=" " tag="260"><subfield code="a">Soldier, Kan. :</subfield><subfield code="b">Ben L. &amp; Minnie M. Mickel,</subfield><subfield code="c">1893-1955.</subfield></datafield><datafield ind1=" " ind2=" " tag="300"><subfield code="a">63 v. :</subfield><subfield code="b">ill. ;</subfield><subfield code="c">50 cm.</subfield></datafield><datafield ind1=" " ind2=" " tag="310"><subfield code="a">Weekly</subfield></datafield><datafield ind1="0" ind2=" " tag="362"><subfield code="a">Vol. 3, no. 6 (Feb. 9, 1893)-v. 66, no. 47 (Dec. 1, 1955).</subfield></datafield><datafield ind1=" " ind2=" " tag="500"><subfield code="a">Publisher varies.</subfield></datafield><datafield ind1=" " ind2=" " tag="500"><subfield code="a">"Republican." Cf. Ayer, 1903.</subfield></datafield><datafield ind1=" " ind2=" " tag="515"><subfield code="a">Numbering is irregular.</subfield></datafield><datafield ind1=" " ind2=" " tag="525"><subfield code="a">Includes supplements.</subfield></datafield><datafield ind1=" " ind2=" " tag="752"><subfield code="a">United States</subfield><subfield code="b">Kansas</subfield><subfield code="c">Jackson</subfield><subfield code="d">Soldier.</subfield></datafield><datafield ind1="0" ind2="0" tag="780"><subfield code="t">Clipper (Soldier, Kan.)</subfield><subfield code="w">(DLC)sn 85029048</subfield></datafield><datafield ind1="0" ind2="0" tag="785"><subfield code="t">Jackson County clipper</subfield><subfield code="w">(DLC)sn 85029049</subfield></datafield></record>